




# MoNa Papers


@Article{MONA-size-dependent-efficiency,
  author  = {Andreas P. Bregulla and Frank Cichos},
  journal = {Faraday Discuss.},
  title   = {Size dependent efficiency of photophoretic swimmers},
  year    = {2015},
  pages   = {381--391},
  volume  = {184},
  url     = {https://doi.org/10.1039/C5FD00111K},
}

@Article{MONA-thermotaxis,
  author  = {Sven Auschra and Andreas Bregulla and Klaus Kroy and Frank Cichos},
  journal = {Eur. Phys. J. E},
  title   = {Thermotaxis of Janus Particles},
  year    = {2021},
  volume  = {44},
  number  = {90},
  url     = {https://doi.org/10.1140/epje/s10189-021-00090-1},
}

@Article{MONA-flow-fields,
  author  = {Andreas P. Bregulla and Frank Cichos},
  journal = {J. Chem. Phys.},
  title   = {Flow fields around pinned self-thermophoretic microswimmers under confinement},
  year    = {2019},
  pages   = {044706},
  volume  = {151},
  url     = {https://doi.org/10.1063/1.5088131},
}

@Article{MONA-photon-nudging-1,
  author  = {Markus Selmke and Utsab Khadka and Andreas P. Bregulla and Frank Cichos and Haw Yang},
  journal = {Phys. Chem. Chem. Phys.},
  title   = {Theory for controlling individual self-propelled micro-swimmers by photon nudging I: directed transport},
  year    = {2018},
  pages   = {10502},
  volume  = {20},
  url     = {https://doi.org/10.1039/c7cp06559k},
}

@Article{MONA-stochastic-localization,
  author  = {Andreas P. Bregulla and Haw Yang and Frank Cichos},
  journal = {ACS Nano},
  title   = {Stochastic Localization of Microswimmers by Photon Nudging},
  year    = {2014},
  pages   = {6542--6550},
  volume  = {8},
  url     = {https://doi.org/10.1021/nn501568e},
}

@Article{MONA-thermophoretic-trap,
  author  = {Martin Fränzl and Tobias Thalheim and Juliane Adler and Daniel Huster and Juliane Posseckardt and Michael Mertig and Frank Cichos},
  journal = {Nat. Methods},
  title   = {Thermophoretic trap for single amyloid fibril and protein aggregation studies},
  year    = {2019},
  pages   = {611--614},
  volume  = {16},
  url     = {https://www.nature.com/articles/s41592-019-0451-6},
}

@Article{MONA-BFP-photonic-crystals,
  author  = {Rebecca Wagner and Lars Heerklotz and Nikolai Kortenbruck and Frank Cichos},
  journal = {Appl. Phys. Lett.},
  title   = {Back focal plane imaging spectroscopy of photonic crystals},
  year    = {2012},
  pages   = {081904},
  volume  = {101},
  url     = {https://doi.org/10.1063/1.4746251},
}

@Article{MONA-BFP-photonic-stop-bands,
  author  = {Rebecca Wagner and Frank Cichos},
  journal = {Phys. Rev. B},
  title   = {Fast measurement of photonic stop bands by back focal plane imaging},
  year    = {2013},
  pages   = {165438},
  volume  = {87},
  url     = {https://doi.org/10.1103/PhysRevB.87.165438},
}

@Article{MONA-spontaneous-vortex-formation,
  author  = {Xiangzun Wang and Pin-Chuan Chen and Klaus Kroy and Viktor Holubec and Frank Cichos},
  journal = {Nat. Comm.},
  title   = {Spontaneous vortex formation by microswimmers with retarded attractions},
  year    = {2023},
  pages   = {56},
  volume  = {14},
  url     = {https://doi.org/10.1038/s41467-022-35427-7},
  doi     = {doi:10.1038/s41467-022-35427-7}
}

@Article{MONA-symmetric-swimmer,
  author  = {Martin Fränzl and Santiago Muiños-Landin and Viktor Holubec and Frank Cichos},
  journal = {ACS Nano},
  title   = {Fully Steerable Symmetric Thermoplasmonic Microswimmers},
  year    = {2021},
  pages   = {3434-3440},
  volume  = {15},
  url     = {https://doi.org/10.1021/acsnano.0c10598},
  doi     = {doi:10.1021/acsnano.0c10598}
}





# Papers


@Article{Ilic2017,
  author  = {Ilic, Ognjen and Kaminer, Ido and Zhen, Bo and Miller, Owen D. and Buljan, Hrvoje and Solja{\v{c}}i{\'{c}}, Marin},
  journal = {Sci. Adv.},
  title   = {Topologically enabled optical nanomotors},
  year    = {2017},
  pages   = {e1602738},
  volume  = {3},
  number  = {6},
  url     = {https://advances.sciencemag.org/content/3/6/e1602738},
}

@Article{Liu2017-solar-thermal,
  author  = {Liu, Xianglei and Xuan, Yimin},
  journal = {Nanoscale},
  title   = {Full-spectrum volumetric solar thermal conversion via photonic nanofluids},
  year    = {2017},
  pages   = {14854},
  volume  = {9},
  number  = {39},
  url     = {https://doi.org/10.1039/C7NR03912C},
}

@Article{Liu2015-ray-optics-model,
  author  = {Liu, Jing and Zhang, Chao and Zong, Yiwu and Guo, Honglian and Li, Zhi-Yuan},
  journal = {Photonics Research},
  title   = {Ray-optics model for optical force and torque on a spherical metal-coated {{Janus}} microparticle},
  year    = {2015},
  pages   = {265--274},
  volume  = {3},
  number  = {5},
  url     = {https://doi.org/10.1364/PRJ.3.000265},
}

@Article{Ashkin1986-tweezers,
  author  = {Ashkin, A. and Dziedzic, J. M. and Bjorkholm, J. E. and Chu, Steven},
  journal = {Opt. Lett.},
  title   = {Observation of a single-beam gradient force optical trap for dielectric particles},
  year    = {1986},
  pages   = {288--290},
  volume  = {11},
  number  = {5},
  url     = {https://doi.org/10.1364/OL.11.000288},
}

@Article{Au-NP-trapping,
  author  = {Lin Ling and Hong-Lian Guo and Xiao-Lan Zhong and Lu Huang and Jia-Fang Li and Lin Gan and Zhi-Yuan Li},
  journal = {Nanotechnology},
  title   = {Manipulation of gold nanorods with dual-optical tweezers for surface plasmon resonance control},
  year    = {2012},
  pages   = {215302},
  volume  = {23},
  url     = {https://doi.org/10.1088/0957-4484/23/21/215302},
}

@Article{Au-NP-trapping-2,
  author  = {Lu Huang and Honglian Guo and Kunlong Li and Yuhui Chen and Baohua Feng and Zhi-Yuan Li},
  journal = {J. Appl. Phys.},
  title   = {Three dimensional force detection of gold nanoparticles using backscattered light detection},
  year    = {2013},
  pages   = {113103},
  volume  = {113},
  url     = {https://doi.org/10.1063/1.4795272},
}

@Article{JP-trapping,
  author  = {Hyuk Wang and Srijanani Bhaskar and Joerg Lahann and Yong-Gu Lee},
  journal = {Proc. SPIE},
  title   = {Optical trapping of Janus particles},
  year    = {2008},
  pages   = {703813},
  volume  = {7038},
  url     = {https://doi.org/10.1117/12.794704},
}

@Article{JP-trapping-2,
  author  = {F. S. Merkt and A. Erbe and P. Leiderer},
  journal = {New J. Phys.},
  title   = {Capped colloids as light-mills in optical traps},
  year    = {2006},
  pages   = {216},
  volume  = {8},
  url     = {https://iopscience.iop.org/article/10.1088/1367-2630/8/9/216},
}

@Article{Johnson1972,
  author  = {Johnson, P. B. and Christy, R. W.},
  journal = {Phys. Rev. B},
  title   = {Optical Constants of the Noble Metals},
  year    = {1972},
  pages   = {4370},
  volume  = {6},
  number  = {12},
  url     = {https://doi.org/10.1103/PhysRevB.6.4370},
}

@Article{Malitson1965,
  author  = {Malitson, I. H.},
  journal = {J. Opt. Soc. Am.},
  title   = {Interspecimen Comparison of the Refractive Index of Fused Silica},
  year    = {1965},
  pages   = {1205--1209},
  volume  = {55},
  number  = {10},
  url     = {https://doi.org/10.1364/JOSA.55.001205},
}

@Article{HaleQuerry1973,
  author  = {Hale, George M. and Querry, Marvin R.},
  journal = {J. Opt. Soc. Am.},
  title   = {Optical Constants of Water in the 200-nm to 200-\textmu{}m Wavelength Region},
  year    = {1973},
  pages   = {555--563},
  volume  = {12},
  number  = {3},
  url     = {https://doi.org/10.1364/AO.12.000555},
}

@Article{Irvine1964,
  author  = {Irvine, William M.},
  journal = {J. Opt. Soc. Am.},
  title   = {Light Scattering by Spherical Particles: Radiation Pressure, Asymmetry Factor, and Extinction Cross Section},
  year    = {1965},
  pages   = {16--21},
  volume  = {55},
  number  = {1},
  url     = {https://doi.org/10.1364/JOSA.55.000016},
}

@Article{Tzarouchis2018,
  author  = {Dimitrios Tzarouchis and Ari Sihvola},
  journal = {Appl. Sci.},
  title   = {Light Scattering by a Dielectric Sphere: Perspectives on the Mie Resonances},
  year    = {2018},
  pages   = {184},
  volume  = {8},
  number  = {2},
  url     = {https://doi.org/10.3390/app8020184},
}

@Article{Zong2015,
  author  = {Zong, Yiwu and Liu, Jing and Liu, Rui and Guo, Honglian and Yang, Mingcheng and Li, Zhiyuan and Chen, Ke},
  journal = {ACS Nano},
  title   = {An Optically Driven Bistable {{Janus}} Rotor with Patterned Metal Coatings},
  year    = {2015},
  number  = {11},
  pages   = {10844--10851},
  volume  = {9},
  url     = {https://doi.org/10.1021/acsnano.5b03565},
}

@Article{metal-vapor-deposition,
  author  = {Rashidi, Aidin and Issa, Marola W. and Martin, Ina T. and Avishai, Amir and Razavi, Sepideh and Wirth, Christopher L.},
  journal = {ACS Appl. Mater. Interfaces},
  title   = {Local Measurement of Janus Particle Cap Thickness},
  year    = {2018},
  number  = {37},
  pages   = {30925--30929},
  volume  = {10},
  url     = {https://doi.org/10.1021/acsami.8b11011},
}

@Article{Dholakia2013,
  author  = {Arita, Yoshihiko and Mazilu, Michael and Dholakia, Kishan},
  journal = {Nature Communications},
  title   = {Laser-induced rotation and cooling of a trapped microgyroscope in vacuum},
  year    = {2013},
  pages   = {2374},
  volume  = {4},
  url     = {https://www.nature.com/articles/ncomms3374},
}

@Article{Nedev2015-microscale-elevator,
  author  = {Nedev, Spas and Carretero-Palacios, Sol and Kühler, Paul and Lohmüller, Theobald and Urban, Alexander S. and Anderson, Lindsey J. E. and Feldmann, Jochen},
  journal = {ACS Photonics},
  title   = {An Optically Controlled Microscale Elevator Using Plasmonic Janus Particles},
  year    = {2015},
  number  = {4},
  pages   = {491--496},
  volume  = {2},
  doi     = {10.1021/ph500371z},
  url     = {https://doi.org/10.1021/ph500371z},
}

@Article{JP-synthesis-assembly-application,
  author  = {Zhang, Jie and Grzybowski, Bartosz A. and Granick, Steve},
  journal = {Langmuir},
  title   = {Janus Particle Synthesis, Assembly and Application},
  year    = {2017},
  number  = {28},
  pages   = {6964--6977},
  volume  = {33},
  url     = {https://doi.org/10.1021/acs.langmuir.7b01123},
}

@Article{Ovseyenko,
  author  = {{R. I. Ovseenko and Yu. G. Ovseenko}},
  journal = {Fluid Dyn.},
  title   = {Drag of a rotating sphere},
  year    = {1968},
  number  = {1},
  pages   = {78--82},
  volume  = {3},
  url     = {https://doi.org/10.1007/BF01016244},
}

@Article{Digregorio2018,
  author  = {Pasquale Digregorio and Demian Levis and Antonio Suma and Leticia F. Cugliandolo and Giuseppe Gonnella and Ignacio Pagonabarraga},
  journal = {Phys. Rev. Lett.},
  title   = {Full phase diagram of active Brownian disks: from melting to motility-induced phase separation},
  year    = {2018},
  pages   = {098003},
  volume  = {121},
  url     = {https://doi.org/10.1103/PhysRevLett.121.098003},
}

@Article{Baffou2014,
  author  = {Pascal Berto and Mohamed S. A. Mohamed and Hervé Rigneault and Guillaume Baffou},
  journal = {Phys. Rev. B},
  title   = {Time-harmonic optical heating of plasmonic nanoparticles},
  year    = {2014},
  pages   = {035439},
  volume  = {90},
  url     = {https://doi.org/10.1103/PhysRevB.90.035439},
}

@article{Majee2013,
  title = {Thermocharge of a {{Hot Spot}} in an {{Electrolyte Solution}}},
  volume = {9},
  journal = {Soft Matter},
  url = {http://xlink.rsc.org/?DOI=c2sm26680f},
  author = {Majee, A. and W{\"u}rger, A.},
  year = {2013},
  pages = {2145}
}

@article{Eastman1928,
  title = {Theory of the {{Soret Effect}}},
  volume = {50},
  journal = {J. Am. Chem. Soc.},
  url = {http://pubs.acs.org/doi/abs/10.1021/ja01389a007},
  author = {Eastman, E. D.},
  year = {1928},
  pages = {283--291}
}

@article{Majee2012,
  title = {Charging of {{Heated Colloidal Particles Using}} the {{Electrolyte Seebeck Effect}}},
  volume = {108},
  journal = {Phys. Rev. Lett.},
  url = {http://link.aps.org/doi/10.1103/PhysRevLett.108.118301},
  author = {Majee, Arghya and W{\"u}rger, Alois},
  year = {2012},
  pages = {118301}
}

@article{Anderson1989,
  title = {Colloid {{Transport}} by {{Interfacial Forces}}},
  volume = {21},
  journal = {Annu. Rev. Fluid Mech.},
  url = {http://www.annualreviews.org/doi/abs/10.1146/annurev.fl.21.010189.000425},
  author = {Anderson, J. L.},
  year = {1989},
  pages = {61-99}
}

@article{Wurger2008,
  title = {Transport in {{Charged Colloids Driven}} by {{Thermoelectricity}}},
  volume = {101},
  journal = {Phys. Rev. Lett.},
  url = {http://link.aps.org/doi/10.1103/PhysRevLett.101.108302},
  author = {W{\"u}rger, A.},
  year = {2008},
  pages = {108302}
}

@article{Alexandridis1994,
  title = {Micellization of {{Poly}}(Ethylene Oxide)-{{Poly}}(Propylene Oxide)-{{Poly}}(Ethylene Oxide) {{Triblock Copolymers}} in {{Aqueous Solutions}}: {{Thermodynamics}} of {{Copolymer Association}}},
  volume = {27},
  shorttitle = {Micellization of {{Poly}}(Ethylene Oxide)-{{Poly}}(Propylene Oxide)-{{Poly}}(Ethylene Oxide) {{Triblock Copolymers}} in {{Aqueous Solutions}}},
  journal = {Macromolecules},
  url = {http://pubs.acs.org/doi/abs/10.1021/ma00087a009},
  author = {Alexandridis, Paschalis and Holzwarth, Josef F. and Hatton, T. Alan},
  year = {1994},
  pages = {2414-2425}
}

@article{Marinelli1998,
  title = {Thermal Conductivity and Thermal Diffusivity of the Cyanobiphenyl ({{nCB}}) Homologous Series},
  volume = {58},
  journal = {Physical Review E},
  url = {https://link.aps.org/doi/10.1103/PhysRevE.58.5860},
  author = {Marinelli, M. and Mercuri, F. and Zammit, U. and Scudieri, F.},
  year = {1998},
  pages = {5860-5866}
}

@article{Horn1978,
  title = {Refractive {{Indices}} and {{Order Parameters}} of {{Two Liquid Crystals}}},
  volume = {39},
  journal = {Journal de Physique},
  url = {http://www.edpsciences.org/10.1051/jphys:01978003901010500},
  author = {Horn, R.G.},
  year = {1978},
  pages = {105-109}
}

@article{Wolff2016,
  title = {Quantitative Thermophoretic Study of Disease-Related Protein Aggregates},
  volume = {6},
  journal = {Sci. Rep.},
  url = {http://www.nature.com/articles/srep22829},
  author = {Wolff, Manuel and Mittag, Judith J. and Herling, Therese W. and Genst, Erwin De and Dobson, Christopher M. and Knowles, Tuomas P. J. and Braun, Dieter and Buell, Alexander K.},
  year = {2016},
  pages = {22829}
}

@article{Gregory1975,
  title = {Interaction of Unequal Double Layers at Constant Charge},
  volume = {51},
  journal = {J. Colloid Interface Sci.},
  url = {https://linkinghub.elsevier.com/retrieve/pii/0021979775900818},
  author = {Gregory, John},
  year = {1975},
  pages = {44-51}
}

@article{Hamaker1937,
  title = {The {{London}}-van Der {{Waals}} Attraction between Spherical Particles},
  volume = {4},
  journal = {Physica},
  url = {https://linkinghub.elsevier.com/retrieve/pii/S0031891437802037},
  author = {Hamaker, H.C.},
  year = {1937},
  pages = {1058-1072}
}

@article{AlZubeidi2021,
  author = {Alexander Al-Zubeidi and Lauren A. McCarthy and Ali Rafiei-Miandashti and Thomas S. Heiderscheit and Stephan Link},
  title = {Single-particle scattering spectroscopy: fundamentals and applications},
  journal = {Nanophotonics},
  volume = {10},
  number = {6},
  year = {2021},
  url = {https://doi.org/10.1515/nanoph-2020-0639},
  doi = {doi:10.1515/nanoph-2020-0639},
  pages = {1621-1655}
}

@article{Chiu2013,
  author  = {Chun-Ya Chiu and Michael H. Huang},
  title   = {Polyhedral {{Au}}--{{Pd}} Core--Shell Nanocrystals as Highly Spectrally Responsive and Reusable Hydrogen Sensors in Aqueous Solution},
  journal = {Angew. Chem. Int. Ed.},
  year    = {2013},
  volume  = {52},
  url     = {https://doi.org/10.1002/anie.201306363},
  doi     = {doi:10.1002/anie.201306363},
  pages   = {12709-12713}
}

@article{Zhou2019,
  author  = {Huihui Wang and Ting Zhang and Xiaochun Zhou},
  title   = {Dark--field spectroscopy: development, applications and perspectives in single nanoparticle catalysis},
  journal = {J. Phys.: Condens. Matter},
  year    = {2019},
  volume  = {31},
  url     = {https://doi.org/10.1088/1361-648X/ab330a},
  doi     = {doi:10.1088/1361-648X/ab330a},
  pages   = {12709-12713}
}

@article{Lieb2004,
  author  = {M. Andreas Lieb and James M. Zavislan and Lukas Novotny},
  title   = {Single-molecule orientations determined by direct emission pattern imaging},
  journal = {J. Opt. Soc. Am.},
  year    = {2004},
  volume  = {21},
  number  = {6},
  url     = {https://doi.org/10.1364/JOSAB.21.001210},
  doi     = {doi:10.1364/JOSAB.21.001210},
  pages   = {1210-1215}
}

@article{Kelly2003,
  author  = {K. Lance Kelly and Eduardo Coronado and Lin Lin Zhao and George C. Schatz},
  title   = {The Optical Properties of Metal Nanoparticles: The Influence of Size, Shape and Dielectric Environment},
  journal = {J. Phys. Chem. B},
  year    = {2003},
  volume  = {107},
  number  = {3},
  url     = {https://doi.org/10.1021/jp026731y},
  doi     = {doi:10.1021/jp026731y},
  pages   = {668-677}
}

@article{Islam2021,
  author  = {Islam, Md Monirul and Hossen, Md Mir and Koschny, Thomas and Hillier, Andrew C.},
  title   = {Shape- and Orientation-Dependent Scattering of Isolated Gold Nanostructures Using Polarized Dark-Field Microscopy},
  journal = {J. Phys. Chem. C},
  volume  = {125},
  number  = {21},
  pages   = {11478-11488},
  year    = {2021},
  doi     = {doi:10.1021/acs.jpcc.1c03671},
  url     = {https://doi.org/10.1021/acs.jpcc.1c03671},
  eprint  = {https://doi.org/10.1021/acs.jpcc.1c03671}
}

@article{Kurvits2015,
  author  = {Jonathan A. Kurvits and Mingming Jiang and Rashid Zia},
  title   = {Comparative analysis of imaging configurations and objectives for Fourier microscopy},
  journal = {J. Opt. Soc. Am. A},
  volume  = {32},
  pages   = {2082-2092},
  year    = {2015},
  doi     = {doi:10.1364/JOSAA.32.002082},
  url     = {https://doi.org/10.1364/JOSAA.32.002082},
}

@article{Mie1908,
  author  = {Gustav Mie},
  title   = {Beiträge zur Optik trüber Medien, speziell kolloidaler Metallösungen},
  journal = {Annalen der Physik},
  volume  = {330},
  issue   = {3},
  pages   = {377-445},
  year    = {1908},
  doi     = {doi:10.1002/andp.19083300302},
  url     = {https://doi.org/10.1002/andp.19083300302},
}







# Reports & Manuals


@TechReport{JPL-solar-sails,
  author      = {Garner, Charles and Diedrich, Benjamin and Leipold, Manfred},
  institution = {Jet Propulsion Lab., California Inst. of Tech.; Pasadena, CA, United States},
  title       = {A Summary of Solar Sail Technology Developments and Proposed Demonstration Missions},
  year        = {1999},
  url         = {https://ntrs.nasa.gov/search.jsp?R=20000059207},
}

@manual{COMSOL-doc,
	author = {{COMSOL Inc.}},
	title = {Documentation to {COMSOL Multiphysics}, Version~5.1},
	year = {2015},
	address = {Burlington, MA, United States},
	url = {https://www.comsol.com}
} 

@manual{manual-pco-edge,
  title        = {{{pco.edge}} 4.2 cooled {{sCOMS}} cameras},
  organization = {{{Excelitas}} {{PCO}} {{GmbH}}},
  address      = {Kelheim}
}

@report{Snyder1987,
  author = {John P. Snyder},
  title = {{{Map}} {{Projections}} - {{A}} {{Working}} {{Manual}}},
  year = {1987},
  publisher = {U.S. Geological Survey},
  address = {Washington, D.C},
  pages = {164--168},
  doi = {10.3133/pp1395}
}

@report{SnyderVoxland1989,
  author      = {Snyder, John P. and Voxland, Philip M.},
  institution = {USGS Publications Warehouse},
  title       = {An album of map projections},
  year        = {1989},
  url         = {https://doi.org/10.3133/pp1453},
}





# Books


@book{Bronstein2013,
  address = {{Haan}},
  edition = {9., korrigierte Auflage},
  title = {Taschenbuch der {{Mathematik}}},
  isbn = {978-3-8085-5671-9},
  publisher = {{Europa-Lehrmittel}},
  author = {Ilya Nikolayevitch Bronshtein and Konstantin Adolfovitch Semendyayev},
  year = {2013},
}

@book{BohrenHuffman,
  address = {{Weinheim}},
  edition = {Wiley Professional Paperback Edition},
  title = {Absoprtion and {Scattering} of {Light} by {Small} {Particles}},
  isbn = {978-0-471-29340-8},
  publisher = {{John Wiley {\&} Sons}},
  author = {Bohren, Craig F. and Huffman, Donald R.},
  year = {1998},
  pages = {82--129, 136}
}

@book{Griffiths-ED,
  address = {{London}},
  edition = {Fourth edition},
  title = {Introduction to {Electrodynamics}},
  isbn = {978-0-321-85656-2},
  publisher = {{Pearson Education}},
  author = {Griffiths, David J.},
  year = {1981},
}

@inbook{BohrenHuffman-wiley,
	publisher = {John Wiley \& Sons, Ltd},
	isbn = {9783527618156},
	title = {Absorption and Scattering by a Sphere},
	booktitle = {Absorption and Scattering of Light by Small Particles},
	chapter = {4},
	pages = {82-129},
	doi = {10.1002/9783527618156.ch4},
	url = {https://onlinelibrary.wiley.com/doi/abs/10.1002/9783527618156.ch4},
	eprint = {https://onlinelibrary.wiley.com/doi/pdf/10.1002/9783527618156.ch4},
	year = {2007},
	keywords = {vector wave equations, absorption, scattering, scattering coefficients, thermal emission},
	abstract = {Summary This chapter contains sections titled: Solutions to the Vector Wave Equations Expansion of a Plane Wave in Vector Spherical Harmonics The Internal and Scattered Fields Cross Sections and Matrix Elements Asymmetry Parameter and Radiation Pressure Radar Backscattering Cross Section Thermal Emission Computation of Scattering Coefficients and Cross Sections}
}

@book{LandauLifshitz,
  address = {{Oxford}},
  edition = {Third Revised English Edition},
  title = {Fluid {Mechanics}},
  publisher = {{Pergamon Press Ltd.}},
  author = "{L. D. Landau and Ye. M. Lifshitz}",
  year = {1959},
  pages = {66--69,224--228}
}

@book{Demtroeder-EP2,
  address = {{Heidelberg}},
  edition = {6. Auflage},
  title = {Experimentalphysik 2: {{Elektrizität}} und {{Optik}}},
  isbn = {978-3-642-29944-5},
  publisher = {{Springer}},
  author = {Wolfgang Demtröder},
  year = {2014},
  doi = {10.1007/978-3-642-29944-5}
}

@book{Israelachvili2011,
  address = {{Amsterdam}},
  edition = {3rd Edition},
  title = {Intermolecular and {{Surface Forces}}},
  isbn = {978-0-12-391927-4 978-0-12-375182-9},
  publisher = {{Elsevier, Academic Press}},
  author = {Israelachvili, Jacob N.},
  year = {2011}
}

@book{Murphy2001,
  author = {Douglas B. Murphy},
  title = {{{Fundamentals}} of {{Light}} {{Microscopy}} and {{Electronic}} {{Imaging}}},
  edition = {First Edition},
  year = {2001},
  isbn = {0-471-25391-X},
  publisher = {John Wiley \& Sons, Ltd},
  doi = {10.1007/978-3-642-29944-5}
}

@book{SalehTeich,
  author = {Bahaa E. A. Saleh and Marvin C. Teich},
  title = {{{Fundamentals}} of {{Photonics}}},
  edition = {Second Edition},
  year = {2007},
  isbn = {978-0-471-35832-9},
  publisher = {John Wiley \& Sons, Ltd},
}

@book{MaierPlasmonics,
  author = {Stefan A. Maier},
  title = {{{Plasmonics}}: {{Fundamentals}} and {{Applications}}},
  year = {2007},
  isbn = {978-0387-33150-8},
  publisher = {Springer},
  address = {{New York}},
}

@book{GouesbetGrehan,
  author = {Gérard Gouesbet and Gérard Gréhan},
  title = {{{Generalized}} {{Lorenz}}--{{Mie}} {{Theories}}},
  edition = {Second Edition},
  year = {2017},
  isbn = {978-3-319-46873-0},
  publisher = {Springer},
  address = {{Heidelberg}},
}







# Theses


@thesis{BA-FabianWelzel,
  author = {Fabian Welzel},
  school = {Universität Leipzig},
  title  = {{{Temperaturmessung}} von {{Gold}} {{Nanopartikeln}} mittels {{Anti}}-{{Stokes}} {{Lumineszenz}}},
  year   = {2019},
  type   = {Bachelor's Thesis},
}

@thesis{BA,
  author = {Felix H. Patzschke},
  school = {Universität Leipzig},
  title  = {{{Finite}} {{Elements}} {{Simulations}} of {{Optical}} {{Torques}} on {{Metal}}-{{Dielectric}} {{Janus}} {{Particles}}},
  year   = {2020},
  type   = {Bachelor's Thesis},
}

@thesis{MA,
  author = {Felix H. Patzschke},
  school = {Universität Leipzig},
  title  = {Orientation-dependent Spectroscopy of Plasmonic Janus Particles},
  year   = {2023},
  type   = {Master's Thesis},
}

@thesis{MA-NicSoeker,
  author = {Nicola Andreas Söker},
  school = {Universität Leipzig},
  title  = {{{Heat}} driven {{Janus}} particles with spatially varying propulsion velocity},
  year   = {2018},
  type   = {Master's Thesis},
}

@thesis{Diss-MartinFraenzl,
  author = {Martin Fränzl},
  school = {Universität Leipzig},
  title  = {{{Principles}} and {{Applications}} of {{Thermally}} {{Generated}} {{Flows}} at the {{Nanoscale}}},
  year   = {2022},
  type   = {Dissertation},
}



